<?xml version="1.0" encoding="UTF-8"?><collection xmlns="http://www.loc.gov/MARC21/slim"><record><leader>00422nam--2200133-i-4500</leader><controlfield tag="001">000040604</controlfield><controlfield tag="002">20161230</controlfield><controlfield tag="005">20161230201042</controlfield><controlfield tag="008">060222s1000------------r-----000-0-eng-d</controlfield><datafield ind1=" " ind2=" " tag="080"><subfield code="a">541.182.45:538.971(043)</subfield></datafield><datafield ind1=" " ind2=" " tag="100"><subfield code="a">Schoepp,Robert</subfield></datafield><datafield ind1=" " ind2=" " tag="245"><subfield code="a">Recherches sur la cinetique des reductions de l`oxyde de cuivre ii par l`ydrogene, le deuterium et le methane. these</subfield></datafield><datafield ind1=" " ind2=" " tag="260"><subfield code="a">Paris, Univ.Paris, 1974. P.Dif</subfield></datafield><datafield ind1=" " ind2=" " tag="852"><subfield code="a">46421</subfield></datafield></record></collection>